@article{vranevsevic2014secret,
  title={The Secret of the Point and Click Adventures: Psychoanalytic Point of Pointing in a Bygone Genre},
  author={Vrane{\v{s}}evi{\'c}, Goran},
  journal={Teorija in Praksa},
  volume={51},
  number={1},
  pages={22--42},
  year={2014}
}

@unpublished{Qaffas202022,
	author = { Alaa Qaffas },
	title = { An Operational Study of Video Gamesâ€™ Genres },
	institution = { International Association of Online Engineering },
	year = { 2020 },
	month = { 09 },
        pages={183--184},
	url = { https://www.learntechlib.org/p/217802 }
}

@misc{Pfenning2024,
    title = {Some Thoughts on the First Point and Click Adventure Game},
    url = {https://medium.com/@paulalbertpf/some-thoughts-on-the-first-point-and-click-adventure-game-6cc06d2388cf},
    author = {Paul Pfenning},
    year = {2024},
    month = {09},
    day = {09},
    note = {Online; Accessed 12-December-2024}
}

@misc{ wiki:MysteryHouse,
   author = "{On-Line Systems}",
   title = "Mystery House - Apple II render emulation",
   year = {2005},
   month = {12},
   day = {07},
   url = "https://commons.wikimedia.org/wiki/File:Mystery_House_-_Apple_II_render_emulation_-_2.png",
   note = "[Online; Accessed 12-December-2024]"
 }

@book{Salter2014,
 ISBN = {9781609382759},
 author = {Anastasia Salter},
 publisher = {University of Iowa Press},
 title = {What Is Your Quest?: From Adventure Games to Interactive Books},
 year = {2014}
}
